<record><leader>00000cas a22000007a 4500</leader><controlfield tag="001">13855932</controlfield><controlfield tag="008">860711d18731874txuwr ne      0    0eng d</controlfield><controlfield tag="009">6576</controlfield><datafield ind1=" " ind2=" " tag="010"><subfield code="a">sn 86088430 </subfield></datafield><datafield ind1=" " ind2=" " tag="040"><subfield code="a">PPM</subfield><subfield code="b">eng</subfield><subfield code="c">PPM</subfield></datafield><datafield ind1=" " ind2=" " tag="042"><subfield code="a">msc</subfield></datafield><datafield ind1="0" ind2="0" tag="245"><subfield code="a">West Texas free press and San Marcos valley times.</subfield></datafield><datafield ind1=" " ind2=" " tag="260"><subfield code="a">San Marcos, Tex. :</subfield><subfield code="b">Isaac H. Julian,</subfield><subfield code="c">1873-1874.</subfield></datafield><datafield ind1=" " ind2=" " tag="300"><subfield code="a">v. :</subfield><subfield code="b">ill.</subfield><subfield code="c">45 cm.</subfield></datafield><datafield ind1=" " ind2=" " tag="310"><subfield code="a">Weekly</subfield></datafield><datafield ind1="0" ind2=" " tag="362"><subfield code="a">Vol. 3, no. 5 (Dec. 6, 1873) - v. 3, no. 15 (Feb. 21, 1874).</subfield></datafield><datafield ind1=" " ind2=" " tag="530"><subfield code="a">Available on microfilm from The Center for American History, University of Texas at Austin.</subfield></datafield><datafield ind1=" " ind2=" " tag="752"><subfield code="a">United States</subfield><subfield code="b">Texas</subfield><subfield code="c">Hays</subfield><subfield code="d">San Marcos.</subfield></datafield><datafield ind1="0" ind2="0" tag="780"><subfield code="t">San Marcos times</subfield><subfield code="w">(OCoLC)13844425</subfield></datafield><datafield ind1="0" ind2="0" tag="785"><subfield code="t">West Texas free press</subfield><subfield code="w">(OCoLC)10280423</subfield></datafield></record>